<?xml version="1.0" encoding="UTF-8" ?><marc:collection xmlns:marc="http://www.loc.gov/MARC21/slim" xmlns:xsi="http://www.w3.org/2001/XMLSchema-instance" xsi:schemaLocation="http://www.loc.gov/MARC21/slim http://www.loc.gov/standards/marcxml/schema/MARC21slim.xsd">
<marc:record><marc:leader>04434cam a2200505Ii 4500</marc:leader>
<marc:controlfield tag="001">b12093415</marc:controlfield>
<marc:controlfield tag="003">UaCaAUL</marc:controlfield><marc:controlfield tag="005">20190529010552.0</marc:controlfield><marc:controlfield tag="008">930507m19359999ua ab    b    001 0 ara d</marc:controlfield><marc:datafield tag="035" ind1=" " ind2=" "><marc:subfield code="a">(OCoLC)28060740</marc:subfield></marc:datafield><marc:datafield tag="040" ind1=" " ind2=" "><marc:subfield code="a">AZU</marc:subfield><marc:subfield code="b">eng</marc:subfield><marc:subfield code="e">rda</marc:subfield><marc:subfield code="c">AZU</marc:subfield><marc:subfield code="d">OCLCQ</marc:subfield><marc:subfield code="d">OCLCF</marc:subfield><marc:subfield code="d">OCLCQ</marc:subfield><marc:subfield code="d">OCLCO</marc:subfield><marc:subfield code="d">MEAUC</marc:subfield></marc:datafield><marc:datafield tag="043" ind1=" " ind2=" "><marc:subfield code="a">aw-----</marc:subfield><marc:subfield code="a">ff-----</marc:subfield><marc:subfield code="a">e-sp---</marc:subfield></marc:datafield><marc:datafield tag="049" ind1=" " ind2=" "><marc:subfield code="a">MAIN</marc:subfield></marc:datafield><marc:datafield tag="050" ind1=" " ind2="4"><marc:subfield code="a">DS38.6</marc:subfield><marc:subfield code="b">.H36 1935</marc:subfield></marc:datafield><marc:datafield tag="066" ind1=" " ind2=" "><marc:subfield code="c">(3</marc:subfield></marc:datafield><marc:datafield tag="090" ind1=" " ind2=" "><marc:subfield code="a">DS38.6</marc:subfield><marc:subfield code="b">.H36 1935</marc:subfield></marc:datafield><marc:datafield tag="100" ind1="1" ind2=" "><marc:subfield code="6">880-01</marc:subfield><marc:subfield code="a">Ḥasan, Ḥasan Ibrāhīm.</marc:subfield></marc:datafield><marc:datafield tag="245" ind1="1" ind2="0"><marc:subfield code="6">880-02</marc:subfield><marc:subfield code="a">Tārīkh al-Islām al-siyāsī /</marc:subfield><marc:subfield code="c">taʼlīf Ḥasan Ibrāhīm Ḥasan, diblūm al-Muʻallimīn al-ʻUlyā, wa-līsāns fī al-ādāb, wa-duktūr fī al-ādāb (al-Jāmiʻah al-Miṣrīyah), wa-duktūr fī al-falsafah, wa-duktūr fī al-ādāb (fī al-tārīkh al-Islāmī) Jāmiʻat Landan, wa-ʻuḍw al-Jamʻīyah al-Asyawīyah al-Malakīyah bi-Injiltrā, wa-zamīl Jamʻīyat al-Funūn al-Malakīyah bi-Injiltirā, Ph. D., D. Litt. (London), MRAS., FRSA., ustādh al-tārīkh al-islāmī al-musāʻid bi-Kullīyat al-Ādāb bi-al-Jāmiʻah al-Miṣrīyah.</marc:subfield></marc:datafield><marc:datafield tag="250" ind1=" " ind2=" "><marc:subfield code="6">880-03</marc:subfield><marc:subfield code="a">al-Ṭabʻah al-ūlá.</marc:subfield></marc:datafield><marc:datafield tag="264" ind1=" " ind2="1"><marc:subfield code="6">880-04</marc:subfield><marc:subfield code="a">Miṣr :</marc:subfield><marc:subfield code="b">al-Maktabah al-Tijārīyah al-Kubrá bi-shāriʻ Muḥammad ʻAlī bi-Miṣr,</marc:subfield><marc:subfield code="c">1353 H, 1935 M-</marc:subfield></marc:datafield><marc:datafield tag="264" ind1=" " ind2="3"><marc:subfield code="6">880-05</marc:subfield><marc:subfield code="a">al-Qāhirah :</marc:subfield><marc:subfield code="b">Maṭbaʻat Ḥijāzī bi-al-Qāhirah,</marc:subfield><marc:subfield code="c">1353 H, 1935 M-</marc:subfield></marc:datafield><marc:datafield tag="300" ind1=" " ind2=" "><marc:subfield code="a">volumes :</marc:subfield><marc:subfield code="b">illustrations, maps ;</marc:subfield><marc:subfield code="c">27 cm.</marc:subfield></marc:datafield><marc:datafield tag="336" ind1=" " ind2=" "><marc:subfield code="a">text</marc:subfield><marc:subfield code="b">txt</marc:subfield><marc:subfield code="2">rdacontent.</marc:subfield></marc:datafield><marc:datafield tag="337" ind1=" " ind2=" "><marc:subfield code="a">unmediated</marc:subfield><marc:subfield code="b">n</marc:subfield><marc:subfield code="2">rdamedia.</marc:subfield></marc:datafield><marc:datafield tag="338" ind1=" " ind2=" "><marc:subfield code="a">volume</marc:subfield><marc:subfield code="b">nc</marc:subfield><marc:subfield code="2">rdacarrier.</marc:subfield></marc:datafield><marc:datafield tag="500" ind1=" " ind2=" "><marc:subfield code="6">880-06</marc:subfield><marc:subfield code="a">Yuṭlab min al-muʼallif wa-min al-Maktabah al-Tijārīyah al-Kubrá bi-shāriʻ Muḥammad ʻAlī bi-Miṣr li-ṣāḥibihā Muṣṭafá Muḥammad.</marc:subfield></marc:datafield><marc:datafield tag="500" ind1=" " ind2=" "><marc:subfield code="6">880-07</marc:subfield><marc:subfield code="a">Ḥuqūq al-ṭabʻ maḥfūẓah.</marc:subfield></marc:datafield><marc:datafield tag="500" ind1=" " ind2=" "><marc:subfield code="a">Volumes 2-3 published by Maktabat al-Nahḍah al-Miṣrīyah.</marc:subfield></marc:datafield><marc:datafield tag="504" ind1=" " ind2=" "><marc:subfield code="a">Includes bibliographical references and indexes.</marc:subfield></marc:datafield><marc:datafield tag="505" ind1="1" ind2=" "><marc:subfield code="6">880-08</marc:subfield><marc:subfield code="a">al-Juzʼ al-awwal. Yabḥath fī Tārikh al-ʻArab qabla al-Islām, wa-al-baʻthah al-Nabawīyah, wa-al-khulafāʼ al-rāshidīn, wa-al-dawlah al-Umawīyah, wa-al-ḥaḍārah al-ʻarabīyah fī ʻahd al-khulafāʼ al-rāshidīn wa-al-umawiyīn. -- al-Juzʼ al-thānī. al-ʻAṣr al-ʻAbbāsī al-awwal, 132-232 H (750-843 M). -- al-Juzʼ al-thālith. al-ʻAṣr al-ʻAbbāsī al-thānī, 232-447 H.</marc:subfield></marc:datafield><marc:datafield tag="651" ind1=" " ind2="0"><marc:subfield code="a">Islamic Empire</marc:subfield><marc:subfield code="x">History.</marc:subfield></marc:datafield><marc:datafield tag="650" ind1=" " ind2="0"><marc:subfield code="a">Islamic civilization.</marc:subfield></marc:datafield><marc:datafield tag="651" ind1=" " ind2="0"><marc:subfield code="a">Islamic Empire</marc:subfield><marc:subfield code="x">Politics and government.</marc:subfield></marc:datafield><marc:datafield tag="880" ind1="1" ind2="0"><marc:subfield code="6">245-02/(3/r</marc:subfield><marc:subfield code="a">تاريخ الإسلام السياسي /‪</marc:subfield><marc:subfield code="c">تأليف حسن ابراهيم حسن، دبلوم المعلمين العليا، وليسانس في الآداب، ودكتور في الآداب (لجامعة المصرية)، ودكتور في الفلسفة، ودكتور في الآداب (في التاريخ الاسلامي) جامعة لندن، وعضو الجمعية الاسيوية الملكية بانجلترا، وزميل جمعية الفنون الملكية بانجلترا، استاذ التاريخ الاسلامي المساعد بكلية الآداب بالجامعة المصرية..</marc:subfield></marc:datafield><marc:datafield tag="880" ind1="1" ind2=" "><marc:subfield code="6">100-01/(3/r</marc:subfield><marc:subfield code="a">حسن، حسن ابراهيم..</marc:subfield></marc:datafield><marc:datafield tag="880" ind1=" " ind2=" "><marc:subfield code="6">250-03/(3/r</marc:subfield><marc:subfield code="a">الطبعة الأولى..</marc:subfield></marc:datafield><marc:datafield tag="880" ind1=" " ind2="1"><marc:subfield code="6">264-04/(3/r</marc:subfield><marc:subfield code="a">مصر :‪</marc:subfield><marc:subfield code="b">المكتبة التجارية الكبرى بشارع محمد علي بمصر،‪</marc:subfield><marc:subfield code="c">1353 ه، 1935 م.</marc:subfield></marc:datafield><marc:datafield tag="880" ind1=" " ind2="3"><marc:subfield code="6">264-05/(3/r</marc:subfield><marc:subfield code="a">القاهرة :‪</marc:subfield><marc:subfield code="b">مطبعة حجازي بالقاهرة،‪</marc:subfield><marc:subfield code="c">1353 ه، 1935 م.</marc:subfield></marc:datafield><marc:datafield tag="880" ind1=" " ind2=" "><marc:subfield code="6">500-06/(3/r</marc:subfield><marc:subfield code="a">يطلب من المؤلف ومن المكتبة التجارية الكبرى بشارع محمد علي بمصر لصاحبها مصطفى محمد..</marc:subfield></marc:datafield><marc:datafield tag="880" ind1=" " ind2=" "><marc:subfield code="6">500-07/(3/r</marc:subfield><marc:subfield code="a">حقوق الطبع محفوظة..</marc:subfield></marc:datafield><marc:datafield tag="880" ind1="1" ind2=" "><marc:subfield code="6">505-08/(3/r</marc:subfield><marc:subfield code="a">الجزء الأول. يبحث في تارخ العرب قبل الاسلام، والبعثة النبوية، والخلفاء الراشدين، والدولة الأموية، والحضارة العربية في عهد الخلفاء الراشدين والأمويين. -- الجزء الثاني. العصر العباسي الأول، 132-232 ه (750-843 م). -- الجزء الثالث. العصر العباسي الثاني، 232-447 ه..</marc:subfield></marc:datafield><marc:datafield tag="907" ind1=" " ind2=" "><marc:subfield code="a">.b12093415</marc:subfield><marc:subfield code="b">main </marc:subfield></marc:datafield><marc:datafield tag="902" ind1=" " ind2=" "><marc:subfield code="a">191117</marc:subfield></marc:datafield><marc:datafield tag="998" ind1=" " ind2=" "><marc:subfield code="b">2</marc:subfield><marc:subfield code="c">021223</marc:subfield><marc:subfield code="d">m</marc:subfield><marc:subfield code="e">~</marc:subfield><marc:subfield code="f">-</marc:subfield><marc:subfield code="g">0</marc:subfield><marc:subfield code="k">MH</marc:subfield><marc:subfield code="k">TA</marc:subfield></marc:datafield><marc:datafield tag="945" ind1=" " ind2=" "><marc:subfield code="l">main </marc:subfield><marc:subfield code="u">v.v.1</marc:subfield></marc:datafield></marc:record>
</marc:collection>
